<record><leader>00000cas a22000007a 4500</leader><controlfield tag="001">191867738</controlfield><controlfield tag="007">hd afu---bucu</controlfield><controlfield tag="008">080207d18331835iluwr nea     0   a0eng  </controlfield><datafield ind1=" " ind2=" " tag="010"><subfield code="a">sn 82015556 </subfield></datafield><datafield ind1=" " ind2=" " tag="040"><subfield code="a">DLC</subfield><subfield code="b">eng</subfield><subfield code="c">COO</subfield><subfield code="d">OCLCQ</subfield></datafield><datafield ind1="0" ind2=" " tag="050"><subfield code="a">Newspaper 7694</subfield></datafield><datafield ind1="0" ind2=" " tag="130"><subfield code="a">Illinois advocate and State register (Vandalia, Ill. : Weekly)</subfield></datafield><datafield ind1="1" ind2="0" tag="245"><subfield code="a">Illinois advocate and State register.</subfield></datafield><datafield ind1=" " ind2=" " tag="260"><subfield code="a">Vandalia, Ill. :</subfield><subfield code="b">J.Y. Sawyer,</subfield><subfield code="c">1833-1835.</subfield></datafield><datafield ind1=" " ind2=" " tag="300"><subfield code="a">2 volumes ;</subfield><subfield code="c">54 cm</subfield></datafield><datafield ind1=" " ind2=" " tag="310"><subfield code="a">Weekly</subfield></datafield><datafield ind1=" " ind2=" " tag="336"><subfield code="a">text</subfield><subfield code="b">txt</subfield><subfield code="2">rdacontent</subfield></datafield><datafield ind1=" " ind2=" " tag="337"><subfield code="a">microform</subfield><subfield code="b">h</subfield><subfield code="2">rdamedia</subfield></datafield><datafield ind1=" " ind2=" " tag="338"><subfield code="a">microfilm reel</subfield><subfield code="b">hd</subfield><subfield code="2">rdacarrier</subfield></datafield><datafield ind1="0" ind2=" " tag="362"><subfield code="a">Vol. 3, no. 1 (Apr. 13, 1833)-v. 4, no. 40 (Apr. 1, 1835).</subfield></datafield><datafield ind1=" " ind2=" " tag="580"><subfield code="a">Continues: Illinois advocate (Edwardsville, Ill).</subfield></datafield><datafield ind1=" " ind2=" " tag="580"><subfield code="a">Continued by: Illinois advocate (Vandalia, Ill.).</subfield></datafield><datafield ind1=" " ind2=" " tag="533"><subfield code="a">Microfilm.</subfield><subfield code="b">Chicago, Ill. :</subfield><subfield code="c">University of Chicago, Dept. of Photoduplication,</subfield><subfield code="d">1968.</subfield><subfield code="e">microfilm reels ; 35 mm.</subfield></datafield><datafield ind1=" " ind2=" " tag="752"><subfield code="a">United States</subfield><subfield code="b">Illinois</subfield><subfield code="c">Fayette</subfield><subfield code="d">Vandalia.</subfield></datafield><datafield ind1="1" ind2="0" tag="780"><subfield code="t">Illinois advocate (Edwardsville, Ill.)</subfield></datafield><datafield ind1="1" ind2="0" tag="785"><subfield code="t">Illinois advocate (Vandalia, Ill.)</subfield></datafield></record>